<?xml version="1.0" encoding="UTF-8"?><collection xmlns="http://www.loc.gov/MARC21/slim"><record><leader>00391nam--2200133-i-4500</leader><controlfield tag="001">000021930</controlfield><controlfield tag="002">20161230</controlfield><controlfield tag="005">20161230201034</controlfield><controlfield tag="008">060222s1000------------r-----000-0-eng-d</controlfield><datafield ind1=" " ind2=" " tag="100"><subfield code="a">Hofling Oskar</subfield></datafield><datafield ind1=" " ind2=" " tag="245"><subfield code="a">Strahlengefahr und strahlenschutz</subfield></datafield><datafield ind1=" " ind2=" " tag="260"><subfield code="a">Bonn, Ferd.Dummlers Verlag, 1961, 248p., 43 Fig</subfield></datafield><datafield ind1=" " ind2=" " tag="490"><subfield code="a">Mathematisch-naturwissenschaftliche Taschenbucher. Band 1/2</subfield></datafield><datafield ind1=" " ind2=" " tag="852"><subfield code="a">16328</subfield></datafield></record></collection>